<record><leader>00000cas a2200000 a 4500</leader><controlfield tag="001">8792299</controlfield><controlfield tag="008">820921d185u186uiludn ne      0   a0eng  </controlfield><datafield ind1=" " ind2=" " tag="010"><subfield code="a">sn 82014535 </subfield></datafield><datafield ind1=" " ind2=" " tag="040"><subfield code="a">DLC</subfield><subfield code="b">eng</subfield><subfield code="c">DLC</subfield><subfield code="d">NVF</subfield><subfield code="d">OCL</subfield><subfield code="d">NVF</subfield><subfield code="d">CRL</subfield><subfield code="d">DLC</subfield><subfield code="d">NVF</subfield><subfield code="d">UKMGB</subfield><subfield code="d">OCLCQ</subfield><subfield code="d">OCLCF</subfield><subfield code="d">NVF</subfield></datafield><datafield ind1="7" ind2=" " tag="016"><subfield code="a">013914447</subfield><subfield code="2">Uk</subfield></datafield><datafield ind1=" " ind2=" " tag="042"><subfield code="a">pcc</subfield></datafield><datafield ind1=" " ind2=" " tag="043"><subfield code="a">n-us-il</subfield></datafield><datafield ind1="0" ind2="0" tag="050"><subfield code="a">Newspaper</subfield></datafield><datafield ind1="0" ind2="0" tag="245"><subfield code="a">Quincy daily Whig and Republican.</subfield></datafield><datafield ind1="1" ind2="3" tag="246"><subfield code="a">Daily Quincy Whig and Republican</subfield></datafield><datafield ind1="1" ind2="3" tag="246"><subfield code="a">Daily Whig and Republican</subfield></datafield><datafield ind1="1" ind2="3" tag="246"><subfield code="a">Quincy Whig and Republican</subfield></datafield><datafield ind1=" " ind2=" " tag="260"><subfield code="a">Quincy, Ill. :</subfield><subfield code="b">John T. Morton</subfield></datafield><datafield ind1="2" ind2=" " tag="260"><subfield code="3">&lt;Feb. 2-27, 1858&gt;</subfield><subfield code="a">Quincy, Ill. :</subfield><subfield code="b">John T. Morton</subfield></datafield><datafield ind1="2" ind2=" " tag="260"><subfield code="3">&lt;Mar. 3, 1858-Sept. 23, 1859&gt;</subfield><subfield code="a">Quincy, Ill. :</subfield><subfield code="b">J.T. Morton &amp; F.A. Dallam</subfield></datafield><datafield ind1="2" ind2=" " tag="260"><subfield code="3">&lt;Dec. 1, 1859-Feb. 29, 1860&gt;</subfield><subfield code="a">Quincy, Ill. :</subfield><subfield code="b">John T. Morton</subfield></datafield><datafield ind1="2" ind2=" " tag="260"><subfield code="3">&lt;Apr. 2, 1860&gt;-Aug. 5, 1865</subfield><subfield code="a">Quincy, Ill. :</subfield><subfield code="b">Jas. J. Langdon</subfield></datafield><datafield ind1="3" ind2=" " tag="260"><subfield code="3">Aug. 7, 1865-&lt;Mar. 30, 1866&gt;</subfield><subfield code="a">Quincy, Ill. :</subfield><subfield code="b">Langdon &amp; Holt</subfield></datafield><datafield ind1=" " ind2=" " tag="300"><subfield code="a">v.</subfield></datafield><datafield ind1=" " ind2=" " tag="310"><subfield code="a">Daily (except Sunday)</subfield></datafield><datafield ind1=" " ind2=" " tag="500"><subfield code="a">"Quincy" appeares above masthead ornament, &lt;Apr. 2, 1860&gt;-Mar. 30, 1861.</subfield></datafield><datafield ind1=" " ind2=" " tag="530"><subfield code="a">Also issued on microfilm.</subfield></datafield><datafield ind1=" " ind2=" " tag="580"><subfield code="a">Formed by the union of: Daily Quincy Whig and: Quincy daily Republican.</subfield></datafield><datafield ind1=" " ind2=" " tag="588"><subfield code="a">Description based on: Vol. 6, no. 250 (Feb. 2, 1858).</subfield></datafield><datafield ind1=" " ind2=" " tag="588"><subfield code="a">Latest issue consulted: Vol. 16, no. 309 (Mar. 30, 1866).</subfield></datafield><datafield ind1=" " ind2="0" tag="651"><subfield code="a">Quincy (Ill.)</subfield><subfield code="v">Newspapers.</subfield></datafield><datafield ind1=" " ind2="0" tag="651"><subfield code="a">Adams County (Ill.)</subfield><subfield code="v">Newspapers.</subfield></datafield><datafield ind1=" " ind2="7" tag="651"><subfield code="a">Illinois</subfield><subfield code="z">Adams County.</subfield><subfield code="2">fast</subfield><subfield code="0">(OCoLC)fst01206407</subfield></datafield><datafield ind1=" " ind2="7" tag="651"><subfield code="a">Illinois</subfield><subfield code="z">Quincy.</subfield><subfield code="2">fast</subfield><subfield code="0">(OCoLC)fst01212078</subfield></datafield><datafield ind1=" " ind2="7" tag="655"><subfield code="a">Newspapers.</subfield><subfield code="2">fast</subfield><subfield code="0">(OCoLC)fst01423814</subfield></datafield><datafield ind1=" " ind2=" " tag="752"><subfield code="a">United States</subfield><subfield code="b">Illinois</subfield><subfield code="c">Adams County</subfield><subfield code="d">Quincy.</subfield></datafield><datafield ind1="0" ind2=" " tag="775"><subfield code="t">Quincy weekly Whig and Republican</subfield><subfield code="w">(DLC)sn 82014560</subfield><subfield code="w">(OCoLC)8810728</subfield></datafield><datafield ind1="1" ind2="4" tag="780"><subfield code="t">Daily Quincy Whig</subfield><subfield code="w">(DLC)sn 84024083</subfield><subfield code="w">(OCoLC)10478636</subfield></datafield><datafield ind1="1" ind2="4" tag="780"><subfield code="t">Quincy daily Republican</subfield><subfield code="w">(DLC)sn2005062027</subfield><subfield code="w">(OCoLC)57483371</subfield></datafield><datafield ind1="0" ind2="0" tag="785"><subfield code="t">Daily Whig and Republican</subfield><subfield code="w">(DLC)sn 92054613</subfield><subfield code="w">(OCoLC)26059627</subfield></datafield><datafield ind1="1" ind2=" " tag="029"><subfield code="a">AU@</subfield><subfield code="b">000020225059</subfield></datafield></record>